%% This BibTeX bibliography file was created using BibDesk.
%% http://bibdesk.sourceforge.net/


%% Created for Gergely Alpar at 2019-02-06 14:07:30 +0100 


%% Saved with string encoding Unicode (UTF-8) 



@misc{vsnu,
	Author = {{Vereniging van Universiteiten (VSNU)}},
	Howpublished = {\url{http://www.vsnu.nl/files/documenten/Domeinen/Onderzoek/Code_wetenschapsbeoefening_2004_(2014).pdf}},
	Keywords = {research integrity},
	Lastchecked = {19/04/2017},
	Title = {De Nederlandse Gedragscode Wetenschapsbeoefening}}

@misc{latex,
	Author = {Tobias Oetiker and Hubert Partl and Irene Hyna and Elisabeth Schlegl},
	Howpublished = {\url{https://tobi.oetiker.ch/lshort/lshort.pdf}},
	Keywords = {LaTeX, tutorial},
	Lastchecked = {19/04/2017},
	Title = {The not so short introduction to {LaTeX2e}}}

@misc{para,
	Author = {{IEEE Referencing}},
	Howpublished = {\url{http://libguides.bhtafe.edu.au/content.php?pid=88814&sid=660920}},
	Keywords = {paraphrasing, plagariasm, citation, quotation},
	Lastchecked = {19/04/2017},
	Title = {{How to Cite\/Quote in Your Assignment}}}

@misc{ieee-write,
	Author = {{IEEE Authorship Series}},
	Howpublished = {\url{http://ieeeauthorcenter.ieee.org/wp-content/uploads/How-to-Write-for-Technical-Periodicals-and-Conferences.pdf}},
	Institution = {{IEEE}},
	Keywords = {writing, paragraph, sentences, ethics},
	Lastchecked = {18/04/2017},
	Title = {How to Write for Technical Periodicals \& Conferences}}

@inproceedings{fuggetta2014software,
	Author = {Fuggetta, Alfonso and Di Nitto, Elisabetta},
	Booktitle = {Proceedings of the on Future of Software Engineering},
	Organization = {ACM},
	Pages = {1--12},
	Title = {Software Process},
	Year = {2014}}
